<?xml version="1.0" encoding="UTF-8"?><record xmlns="http://www.loc.gov/MARC21/slim" xmlns:cinclude="http://apache.org/cocoon/include/1.0" xmlns:zs="http://www.loc.gov/zing/srw/">
  <leader>00428nz  a2200133n  4500</leader>
  <controlfield tag="001">n  95045218 </controlfield>
  <controlfield tag="003">DLC</controlfield>
  <controlfield tag="005">19950508094816.4</controlfield>
  <controlfield tag="008">950508n| acannaab|          |a aaa |||  </controlfield>
  <datafield tag="010" ind1=" " ind2=" ">
    <subfield code="a">n  95045218 </subfield>
  </datafield>
  <datafield tag="040" ind1=" " ind2=" ">
    <subfield code="a">DLC</subfield>
    <subfield code="c">DLC</subfield>
  </datafield>
  <datafield tag="100" ind1="1" ind2="0">
    <subfield code="a">Lelovičová, Katarína</subfield>
  </datafield>
  <datafield tag="400" ind1="1" ind2="0">
    <subfield code="a">Lelovičová, K.</subfield>
    <subfield code="q">(Katarína)</subfield>
  </datafield>
  <datafield tag="670" ind1=" " ind2=" ">
    <subfield code="a">Concertino pre flautu a sláč. orchester, p1977:</subfield>
    <subfield code="b">label (K. Lelovičová) container (Katarína Lelovičová)</subfield>
  </datafield>
</record>